@article{michael2016,
  author = {{Michael}, Thilo},
  title  = "{Design and Implementation of an Advisory Artificial Conversational Agent}",
  school = {Technische Universität Berlin},
  year   = 2016,
  month  = oct,
  type   = {Master Thesis}
}
@article{mueller2015,
  author = {{Müller}, Andreas},
  title  = "{Analyse von Wort-Vektoren deutscher Textkorpora}",
  school = {Technische Universität Berlin},
  year   = 2015,
  month  = jun,
  type   = {Bachelor's Thesis},
  url    = {http://devmount.github.io/GermanWordEmbeddings/}
}
@article{ma2000,
  author = {Ma, Qing and Uchimoto, Kiyotaka and Murata, Masaki and Isahara, Hitoshi},
  year   = 2000,
  month  = jan,
  pages  = {},
  title  = "{Elastic Neural Networks for Part of Speech Tagging}",
  volume = {5}
}
@article{schmid1994,
   author = {{Schmid}, Helmut},
    title = "{Part-of-Speech Tagging with Neural Networks}",
 keywords = {Computer Science - Computation and Language},
booktitle = {eprint arXiv:cmp-lg/9410018},
     year = 1994,
    month = oct
}
@article{bishop1986,
  title = "{Maximum likelihood alignment of DNA sequences}",
  journal = "Journal of Molecular Biology",
  volume = "190",
  number = "2",
  pages = "159 - 165",
  year = 1986,
  issn = "0022-2836",
  doi = "https://doi.org/10.1016/0022-2836(86)90289-5",
  url = "http://www.sciencedirect.com/science/article/pii/0022283686902895",
  author = {M.J. Bishop and E.A. Thompson}
}
@article{baker1975,
  author={J. Baker},
  journal={IEEE Transactions on Acoustics, Speech, and Signal Processing},
  title="{The DRAGON system--An overview}",
  year=1975,
  volume={23},
  number={1},
  pages={24-29},
  keywords={Acoustic measurements;Automatic speech recognition;Data mining;Error analysis;Markov processes;Power system modeling;Power system reliability;Random variables;Speech recognition;Vocabulary},
  doi={10.1109/TASSP.1975.1162650},
  ISSN={0096-3518},
  month=feb,
}
@article{baum1967,
  author="Leonard E. Baum",
  title="An Equality with Applications to Statistical Prediction for Functions of Markov Process and to a Model to Ecology",
  journal="Bulletin of the American Mathematical Society",
  ISSN="",
  publisher="",
  year="1967",
  month="",
  volume="73",
  number="",
  pages="360-363",
  URL="https://ci.nii.ac.jp/naid/10026224149/en/",
  DOI="",
}
@article{baum1966,
  ISSN = {00034851},
  URL = {http://www.jstor.org/stable/2238772},
  author = {Leonard E. Baum and Ted Petrie},
  journal = {The Annals of Mathematical Statistics},
  number = {6},
  pages = {1554--1563},
  publisher = {Institute of Mathematical Statistics},
  title = "{Statistical Inference for Probabilistic Functions of Finite State Markov Chains}",
  volume = {37},
  year = 1966
}
@article{stratonovich1960,
  author = {R. L. Stratonovich},
  title = "{Conditional Markov Processes}",
  journal = {Theory of Probability \& Its Applications},
  volume = {5},
  number = {2},
  pages = {156-178},
  year = 1960,
  doi = {10.1137/1105015},
  url = {https://doi.org/10.1137/1105015}
}